@article{DBLP:journals/afp/Noce16,
  author    = {Pasquale Noce},
  title     = {Conservation of {CSP} Noninterference Security under Sequential Composition},
  journal   = {Archive of Formal Proofs},
  volume    = {2016},
  year      = {2016},
  timestamp = {Fri, 06 May 2016 17:50:53 +0200},
  biburl    = {http://dblp.uni-trier.de/rec/bib/journals/afp/Noce16},
  bibsource = {dblp computer science bibliography, http://dblp.org}
}